@article{metropolis1949monte,
    title     = {The Monte Carlo Method},
    author    = {Metropolis, Nicholas and Ulam, Stanislaw},
    journal   = {Journal of the American statistical association},
    volume    = {44},
    number    = {247},
    pages     = {335--341},
    year      = {1949},
    publisher = {Taylor \& Francis Group}
}
@article{metropolis1987beginning,
    title   = {The beginning of the Monte Carlo Method},
    author  = {Metropolis, Nicholas},
    journal = {Los Alamos Science},
    volume  = {15},
    number  = {584},
    pages   = {125--130},
    year    = {1987},
    url     = {http://jackman.stanford.edu/mcmc/metropolis1.pdf}
}
@misc{numpy,
    title        = {Numpy},
    howpublished = {\url{http://www.numpy.org/} [Online; accessed 2016-05-04]}
}
@misc{meanerrorulm,
    title        = {Mittlerer Fehler des Mittelwertes - Vorlesungsskript},
    author       = {Othmar Marti},
    howpublished = {\url{wwwex.physik.uni-ulm.de/lehre/fehlerrechnung/node15.html} [Online; accessed 2016-05-07]}
}

@misc{ark3220,
    title        = {Intel Core i3-3220 Prozessor Spezifikationen},
    author       = {Intel Corporation},
    howpublished = {\url{http://ark.intel.com/de/products/65693/Intel-Core-i3-3220-Processor-3M-Cache-3_30-GHz} [Online; accessed 2016-05-07]}
}
@misc{gtx760,
    title        = {NVIDIA GeForce GTX 760 Specifications},
    author       = {NVIDIA Corporation},
    howpublished = {\url{http://www.geforce.com/hardware/desktop-gpus/geforce-gtx-760/specifications} [Online; accessed 2016-05-07]}
}
@misc{gigabytegtx760,
    title        = {NVIDIA GeForce GTX 760 Specifications},
    author       = {GIGA-BYTE Technology Co., Ltd.},
    howpublished = {\url{http://www.gigabyte.com/products/product-page.aspx?pid=4663#sp} [Online; accessed 2016-05-08]}
}
@misc{nvidiakepler,
    title        = {Whitepaper - NVIDIA’s Next Generation CUDA Compute Architecture: Kepler TM GK110/210},
    author       = {NVIDIA Corporation},
    year         = {2014},
    howpublished = {\url{http://international.download.nvidia.com/pdf/kepler/NVIDIA-Kepler-GK110-GK210-Architecture-Whitepaper.pdf} [Online; accessed 2016-05-07]}
}
@misc{corsair4gbddr3,
    title        = {Vengeance® - 4GB Single Module DDR3 Memory Kit (CMZ4GX3M1A1600C9) - Tech Specs},
    author       = {CORSAIR},
    howpublished = {\url{http://www.corsair.com/en/vengeance-4gb-single-module-ddr3-memory-kit-cmz4gx3m1a1600c9} [Online; accessed 2016-05-07]}
}

@misc{taurusnutzerschulung,
    title        = {HRSK-II Nutzerschulung},
    author       = {Jan Wender},
    year         = {2014},
    month        = {5},
    day          = {30},
    howpublished = {\url{https://doc.zih.tu-dresden.de/hpc-wiki/pub/Compendium/SystemTaurus/HRSK-II-Nutzerschulung.pdf} [Online; accessed 2016-05-08]}
}
@misc{tudtaurusoverview,
    title        = {TU Dresden Internetauftritt - Hochleistungsrechner},
    author       = {HPC Web-Team},
    year         = {2016},
    howpublished = {\url{https://tu-dresden.de/die_tu_dresden/zentrale_einrichtungen/zih/hpc/hochleistungsrechner/index_html/document_view?set_language=de} [Online; accessed 2016-05-08]}
}
@misc{doctudtaurussystem,
    title        = {TU Dresden Internetauftritt - Hochleistungsrechner},
    author       = {Ulf Markwardt, Guido Juckeland and others},
    year         = {2013-2016},
    howpublished = {\url{https://doc.zih.tu-dresden.de/hpc-wiki/bin/view/Compendium/SystemTaurus}  [Online; accessed 2016-05-08]}
}
@misc{doctudtaurushardware,
    title        = {TU Dresden Internetauftritt - Zentrale Komponenten},
    author       = {HPC Web-Team},
    year         = {2013-2016},
    howpublished = {\url{https://doc.zih.tu-dresden.de/hpc-wiki/bin/view/Compendium/SystemTaurus}  [Online; accessed 2016-05-08]}
}
@misc{heisehrsk2,
    title        = {Neuer Supercomputer an der TU-Dresden wird am Mittwoch eingeweiht},
    author       = {Andreas Stiller},
    year         = {2015},
    month        = {05},
    day          = {10},
    howpublished = {\url{http://www.heise.de/newsticker/meldung/Neuer-Supercomputer-an-der-TU-Dresden-wird-am-Mittwoch-eingeweiht-2639880.html}  [Online; accessed 2016-05-08]}
}
@misc{cesga,
  title        = {Introducing Sandy Bridge},
  author       = {Bob Valentine},
  howpublished = "\url{https://www.cesga.es/pt/paginas/descargaDocumento/id/135} [Online; accessed 2014-10-21]"
}
@misc{k20anandtech,
    title        = {NVIDIA Launches Tesla K20 \& K20X: GK110 Arrives At Last},
    author       = {Ryan Smith},
    year         = {2012},
    month        = {11},
    day          = {12},
    howpublished = {\url{http://www.anandtech.com/show/6446/nvidia-launches-tesla-k20-k20x-gk110-arrives-at-last}  [Online; accessed 2016-05-08]}
}
@misc{ark2680v3,
    title        = {Intel Xeon E5-2680v3 Prozessor Spezifikationen},
    author       = {Intel Corporation},
    howpublished = {\url{http://ark.intel.com/products/81908/Intel-Xeon-Processor-E5-2680-v3-30M-Cache-2_50-GHz?wapkw=e5-2680v3}  [Online; accessed 2016-05-08]}
}

@misc{sootsite,
    title        = {Soot - A framework for analyzing and transforming Java and Android Applications},
    author       = {Sable Research Group and Secure Software Engineering Group},
    howpublished = {\url{https://sable.github.io/soot/}  [Online; accessed 2016-05-09]}
}
@inproceedings{sootretrospective,
    title        = {The Soot framework for Java program analysis: a retrospective},
    author       = {Lam, Patrick and Bodden, Eric and Lhot{\'a}k, Ondrej and Hendren, Laurie},
    booktitle    = {Cetus Users and Compiler Infastructure Workshop (CETUS 2011)},
    year         = {2011},
    howpublished = {\url{plg.uwaterloo.ca/~olhotak/pubs/cetus.pdf}  [Online; accessed 2016-05-09]}
}
@book{haubelt2007digitale,
    title     = {Digitale Hardware/Software-Systeme: Synthese und Optimierung},
    author    = {Haubelt, C.},
    isbn      = {9783540468240},
    series    = {eXamen.press},
    url       = {https://books.google.de/books?id=xqwfBAAAQBAJ},
    year      = {2007},
    publisher = {Springer Berlin Heidelberg}
}
@misc{rootbeergithub,
    title        = {Rootbeer GPU Compiler - Java GPU Programming},
    author       = {Pratt-Szeliga},
    year         = {},
    howpublished = {\url{https://github.com/pcpratts/rootbeer1}  [Online; accessed 2016-05-09]}
}
@misc{ownrootbeerfork,
    title        = {Rootbeer GPU Compiler - Java GPU Programming},
    author       = {Pratt-Szeliga, Maximilian Knespel},
    year         = {},
    howpublished = {\url{https://github.com/pcpratts/rootbeer1}  [Online; accessed 2016-05-09]}
}
@inproceedings{pratt2012rootbeer,
    title        = {Rootbeer: Seamlessly using gpus from java},
    author       = {Pratt-Szeliga, Philip C and Fawcett, James W and Welch, Roy D},
    booktitle    = {High Performance Computing and Communication \& 2012 IEEE 9th International Conference on Embedded Software and Systems (HPCC-ICESS), 2012 IEEE 14th International Conference on},
    pages        = {375--380},
    year         = {2012},
    organization = {IEEE}
}
@misc{rootbeerjdk6,
    title        = {Issues with JRE 1.8 },
    author       = {Pratt-Szeliga},
    year         = {2014},
    howpublished = {\url{https://github.com/pcpratts/rootbeer1/issues/175#issuecomment-61431951}  [Online; accessed 2016-05-08]}
}
@inproceedings{mapreduce2004,
    author      = {Dean, Jeffrey and Ghemawat, Sanjay},
    booktitle   = {OSDI 2004},
    journal     = {OSDI '04},
    pages       = {137--150},
    posted-at   = {2009-10-19 08:48:31},
    title       = {MapReduce: Simplified Data Processing on Large Clusters},
    url         = {http://www.usenix.org/events/osdi04/tech/dean.html},
    year        = {2004}
}
@article{mapreduce2008,
    author      = {Dean, Jeffrey and Ghemawat, Sanjay},
    title       = {MapReduce: Simplified Data Processing on Large Clusters},
    journal     = {Commun. ACM},
    issue_date  = {January 2008},
    volume      = {51},
    number      = {1},
    month       = jan,
    year        = {2008},
    issn        = {0001-0782},
    pages       = {107--113},
    numpages    = {7},
    url         = {http://doi.acm.org/10.1145/1327452.1327492},
    doi         = {10.1145/1327452.1327492},
    acmid       = {1327492},
    publisher   = {ACM},
    address     = {New York, NY, USA},
}
@misc{hadoop,
    title        = {Apache Hadoop},
    author       = {Apache},
    howpublished = {\url{http://hadoop.apache.org/}  [Online; accessed 2016-08-08]}
}
@misc{spark,
    title        = {Apache Spark},
    author       = {Apache},
    howpublished = {\url{http://spark.apache.org/}  [Online; accessed 2016-08-08]}
}
@misc{mllib,
    title        = {Apache MLlib},
    author       = {Apache},
    howpublished = {\url{http://spark.apache.org/mllib/}  [Online; accessed 2016-08-08]}
}
@misc{graphx,
    title        = {GraphX Programming Guide},
    author       = {Apache},
    howpublished = {\url{http://spark.apache.org/docs/latest/graphx-programming-guide.html#graph-operators}  [Online; accessed 2016-08-08]}
}
@misc{scaromare,
    title        = {Codeverzeichnis zum Benchmark von Rootbeer über das Spark-Scala-Interface},
    author       = {Maximilian Knespel},
    year         = {2016},
    howpublished = {\url{https://github.com/mxmlnkn/scaromare}  [Online; accessed 2016-08-09]}
}
@INPROCEEDINGS{matmulmapreduce,
    author      = {S. Seo and E. J. Yoon and J. Kim and S. Jin and J. S. Kim and S. Maeng},
    booktitle   = {Cloud Computing Technology and Science (CloudCom), 2010 IEEE Second International Conference on},
    title       = {HAMA: An Efficient Matrix Computation with the MapReduce Framework},
    year        = {2010},
    pages       = {721-726},
    keywords    = {cloud computing;parallel processing;software architecture;HAMA;MapReduce framework;high level matrix computation;parallel systems literature;Context;Engines;Google;Iterative algorithm;Iterative methods;Scalability;Sparse matrices;MPI;MapReduce;Scientific computing},
    doi         = {10.1109/CloudCom.2010.17},
    month       = {Nov}
}
@inproceedings{maxcovermapreduce,
    author      = {Chierichetti, Flavio and Kumar, Ravi and Tomkins, Andrew},
    title       = {Max-cover in Map-reduce},
    booktitle   = {Proceedings of the 19th International Conference on World Wide Web},
    series      = {WWW '10},
    year        = {2010},
    isbn        = {978-1-60558-799-8},
    location    = {Raleigh, North Carolina, USA},
    pages       = {231--240},
    numpages    = {10},
    url         = {http://doi.acm.org/10.1145/1772690.1772715},
    doi         = {10.1145/1772690.1772715},
    acmid       = {1772715},
    publisher   = {ACM},
    address     = {New York, NY, USA},
    keywords    = {greedy algorithm, map-reduce, maximum cover}
}
@book{learningspark,
    author      = {Karau, Holden and Konwinski, Andy and Wendell, Patrick and Zaharia, Matei},
    title       = {Learning Spark: Lightning-Fast Big Data Analytics},
    year        = {2015},
    isbn        = {1449358624, 9781449358624},
    edition     = {1st},
    publisher   = {O'Reilly Media, Inc.},
}
@misc{sparkguide,
    title        = {Spark Programming Guide},
    author       = {Apache},
    howpublished = {\url{http://spark.apache.org/docs/latest/programming-guide.html}  [Online; accessed 2016-08-09]}
}
@article{fishman82,
    title       = {A statistical evaluation of multiplicative congruential random number generators with modulus 231—1},
    author      = {Fishman, George S and Moore, Louis R},
    journal     = {Journal of the American Statistical Association},
    volume      = {77},
    number      = {377},
    pages       = {129--136},
    year        = {1982},
    publisher   = {Taylor \& Francis Group}
}
@article{fishman86,
    title       = {An Exhaustive Analysis of Multiplicative Congruential Random Number Generators with Modulus 2\^{}31-1},
    author      = {Fishman, George S and Moore, III, Louis R},
    journal     = {SIAM Journal on Scientific and Statistical Computing},
    volume      = {7},
    number      = {1},
    pages       = {24--45},
    year        = {1986},
    publisher   = {SIAM}
}



misc{
    title        = {},
    author       = {},
    year         = {},
    howpublished = {\url{}  [Online; accessed 2016-08-08]}
}
